<collection xmlns="http://www.loc.gov/MARC21/slim">
<record>
  <leader>01760nam0a22003371i 450 </leader>
  <controlfield tag="001">IT\ICCU\CNCE\067854</controlfield>
  <controlfield tag="005">20101125000000.0</controlfield>
  <datafield tag="012" ind1=" " ind2=" ">
    <subfield code="a">jaco Duca ,ei. dine (C) 1590 (A)</subfield>
    <subfield code="2">fei</subfield>
  </datafield>
  <datafield tag="100" ind1=" " ind2=" ">
    <subfield code="a">20060907d1590        0itac0103    ba</subfield>
  </datafield>
  <datafield tag="101" ind1=" " ind2=" ">
    <subfield code="a">ITA</subfield>
  </datafield>
  <datafield tag="102" ind1=" " ind2=" ">
    <subfield code="a">IT</subfield>
  </datafield>
  <datafield tag="200" ind1="1" ind2=" ">
    <subfield code="a">℗Il ℗vero, et compito raguaglio di quanto ha valorosamente fatto il ser.mo duca di Parma, &amp; Piacenza, in liberar dall&apos;assedio la gran citta di Parigi, ...Tradotta dalla lingua spagnuola nella italiana dal nob. Gieronimo Rigone ...</subfield>
  </datafield>
  <datafield tag="210" ind1=" " ind2=" ">
    <subfield code="a">In Milano</subfield>
    <subfield code="c">\Michele Tini!</subfield>
    <subfield code="c">appresso Paolo Gottardo Pontio</subfield>
    <subfield code="d">1590</subfield>
  </datafield>
  <datafield tag="215" ind1=" " ind2=" ">
    <subfield code="a">\12! c.</subfield>
    <subfield code="d">4ʻ</subfield>
  </datafield>
  <datafield tag="620" ind1=" " ind2=" ">
    <subfield code="a">IT</subfield>
    <subfield code="d">Milano</subfield>
  </datafield>
  <datafield tag="702" ind1=" " ind2="1">
    <subfield code="a">Rigone,</subfield>
    <subfield code="b">Girolamo</subfield>
    <subfield code="3">IT\ICCU\CNCA\027112</subfield>
  </datafield>
  <datafield tag="712" ind1="0" ind2="0">
    <subfield code="a">Da_Ponte, Paolo Gottardo</subfield>
    <subfield code="3">IT\ICCU\CNCT\001755</subfield>
    <subfield code="4">650</subfield>
  </datafield>
  <datafield tag="712" ind1="0" ind2="0">
    <subfield code="a">Tini, Michele</subfield>
    <subfield code="3">IT\ICCU\CNCT\000804</subfield>
    <subfield code="4">650</subfield>
  </datafield>
  <datafield tag="790" ind1=" " ind2="1">
    <subfield code="a">Rigone,</subfield>
    <subfield code="b">Gieronimo</subfield>
    <subfield code="3">IT\ICCU\CNCA\027254</subfield>
    <subfield code="z">Rigone, Girolamo</subfield>
  </datafield>
  <datafield tag="791" ind1="0" ind2="0">
    <subfield code="a">Pontius, Paulus Gottardus</subfield>
    <subfield code="3">IT\ICCU\CNCT\003718</subfield>
    <subfield code="z">Da_Ponte, Paolo Gottardo</subfield>
  </datafield>
  <datafield tag="791" ind1="0" ind2="0">
    <subfield code="a">Ponte, Paolo Gottardo da</subfield>
    <subfield code="3">IT\ICCU\CNCT\003719</subfield>
    <subfield code="z">Da_Ponte, Paolo Gottardo</subfield>
  </datafield>
  <datafield tag="791" ind1="0" ind2="0">
    <subfield code="a">Pontio, Paolo Gottardo</subfield>
    <subfield code="3">IT\ICCU\CNCT\004498</subfield>
    <subfield code="z">Da_Ponte, Paolo Gottardo</subfield>
  </datafield>
  <datafield tag="791" ind1="0" ind2="0">
    <subfield code="a">Ponzio, Paolo Gottardo</subfield>
    <subfield code="3">IT\ICCU\CNCT\004500</subfield>
    <subfield code="z">Da_Ponte, Paolo Gottardo</subfield>
  </datafield>
  <datafield tag="791" ind1="0" ind2="0">
    <subfield code="a">Poncio, Pablo Gotardo</subfield>
    <subfield code="3">IT\ICCU\CNCT\004501</subfield>
    <subfield code="z">Da_Ponte, Paolo Gottardo</subfield>
  </datafield>
  <datafield tag="791" ind1="0" ind2="2">
    <subfield code="a">Typographia Seminarii</subfield>
    <subfield code="3">IT\ICCU\CNCT\002749</subfield>
    <subfield code="z">Tini, Michele</subfield>
  </datafield>
  <datafield tag="791" ind1="0" ind2="0">
    <subfield code="a">Thinus, Michael</subfield>
    <subfield code="3">IT\ICCU\CNCT\004118</subfield>
    <subfield code="z">Tini, Michele</subfield>
  </datafield>
  <datafield tag="791" ind1="0" ind2="0">
    <subfield code="a">Tino, Michele</subfield>
    <subfield code="3">IT\ICCU\CNCT\004119</subfield>
    <subfield code="z">Tini, Michele</subfield>
  </datafield>
  <datafield tag="791" ind1="0" ind2="0">
    <subfield code="a">Tinus, Michael</subfield>
    <subfield code="3">IT\ICCU\CNCT\005579</subfield>
    <subfield code="z">Tini, Michele</subfield>
  </datafield>
  <datafield tag="801" ind1=" " ind2="3">
    <subfield code="a">IT</subfield>
    <subfield code="b">ICCU</subfield>
    <subfield code="c">20201115</subfield>
  </datafield>
  <datafield tag="899" ind1=" " ind2=" ">
    <subfield code="a">Biblioteca nazionale Braidense. Milano</subfield>
    <subfield code="1">MI0185</subfield>
    <subfield code="2">MIL NB</subfield>
  </datafield>
  <datafield tag="899" ind1=" " ind2=" ">
    <subfield code="a">Biblioteca universitaria Alessandrina. Roma</subfield>
    <subfield code="1">RM0280</subfield>
    <subfield code="2">RML 01</subfield>
  </datafield>
</record>
</collection>
